@ARTICLE{Bizouard2021,
       author = {{Bizouard}, Marie-Anne and {Maturana-Russel}, Patricio and {Torres-Forn{\'e}}, Alejandro and {Obergaulinger}, Martin and {Cerd{\'a}-Dur{\'a}n}, Pablo and {Christensen}, Nelson and {Font}, Jos{\'e} A. and {Meyer}, Renate},
        title = "{Inference of protoneutron star properties from gravitational-wave data in core-collapse supernovae}",
      journal = {\prd},
     keywords = {General Relativity and Quantum Cosmology, Astrophysics - Instrumentation and Methods for Astrophysics},
         year = 2021,
        month = mar,
       volume = {103},
       number = {6},
          eid = {063006},
        pages = {063006},
          doi = {10.1103/PhysRevD.103.063006},
archivePrefix = {arXiv},
       eprint = {2012.00846},
 primaryClass = {gr-qc},
       adsurl = {https://ui.adsabs.harvard.edu/abs/2021PhRvD.103f3006B},
      adsnote = {Provided by the SAO/NASA Astrophysics Data System}
}

