@article{Torres:2019b,
    author  = "{Torres-Forn\'e}, A. and {Cerd\'a-Dur\'an}, P. and Obergaulinger, M. and {M\"uller}, B. and Font, J. A.",
    title   = "{Universal Relations for Gravitational-Wave Asteroseismology of Protoneutron Stars}",
    eprint  = "1902.10048",
    archivePrefix = "arXiv",
    primaryClass = "gr-qc",
    doi     = "10.1103/PhysRevLett.123.051102",
    journal = "Phys. Rev. Lett.",
    volume  = "123",
    number  = "5",
    pages   = "051102",
    year    = "2019"
}

@article{Bethe:1990,
  title = {Supernova mechanisms},
  author = {Bethe, H. A.},
  journal = {Rev. Mod. Phys.},
  volume = {62},
  issue = {4},
  pages = {801--866},
  numpages = {0},
  year = {1990},
  month = {10},
  publisher = {American Physical Society},
  doi = {10.1103/RevModPhys.62.801},
  url = {https://link.aps.org/doi/10.1103/RevModPhys.62.801}
}


@article{TheLIGOScientific:2014jea,
      author         = "Aasi, J. and others",
      title          = "{Advanced LIGO}",
      collaboration  = "LIGO Scientific Collaboration",
      journal        = "Class. Quant. Grav.",
      volume         = "32",
      year           = "2015",
      pages          = "074001",
      doi            = "10.1088/0264-9381/32/7/074001",
      eprint         = "1411.4547",
      archivePrefix  = "arXiv",
      primaryClass   = "gr-qc",
      SLACcitation   = "%%CITATION = ARXIV:1411.4547;%%"
}


@article{TheVirgo:2014hva,
      author         = "Acernese, F. and others",
      title          = "{Advanced Virgo: a second-generation interferometric
                        gravitational wave detector}",
      collaboration  = "Virgo Collaboration",
      journal        = "Class. Quant. Grav.",
      volume         = "32",
      year           = "2015",
      number         = "2",
      pages          = "024001",
      doi            = "10.1088/0264-9381/32/2/024001",
      eprint         = "1408.3978",
      archivePrefix  = "arXiv",
      primaryClass   = "gr-qc",
      SLACcitation   = "%%CITATION = ARXIV:1408.3978;%%"
}

@article{Aso:2013eba,
      author         = "Aso, Y. and Michimura, Y. and Somiya, K. and
                        Ando, M. and Miyakawa, O. and Sekiguchi, T.
                        and Tatsumi, D. and Yamamoto, H.",
      title          = "{Interferometer design of the KAGRA gravitational wave
                        detector}",
      collaboration  = "KAGRA",
      journal        = "Phys. Rev. D",
      volume         = "88",
      year           = "2013",
      number         = "4",
      pages          = "043007",
      doi            = "10.1103/PhysRevD.88.043007",
      eprint         = "1306.6747",
      archivePrefix  = "arXiv",
      primaryClass   = "gr-qc",
      SLACcitation   = "%%CITATION = ARXIV:1306.6747;%%"
}

@article{Gossan:2016,
   author={{Gossan}, S. E. and {Sutton}, P. and {Stuver}, A. and {Zanolin}, M. and {Gill}, K. and Ott, C.},
   title={Observing gravitational waves from core-collapse supernovae in the advanced detector era},
   number={4},
   journal={Physical Review D},
   year={2016},
   month={Feb},
   volume={93},
   ISSN={2470-0029},
   url={http://dx.doi.org/10.1103/PhysRevD.93.042002},
   DOI={10.1103/physrevd.93.042002},
}


@ARTICLE{TargetedSNSearchO12,
      author = {{Abbott}, B.~P. and others },
      title = "{Optically targeted search for gravitational waves emitted by core-collapse supernovae during the first and second observing runs of advanced LIGO and advanced Virgo}",
      journal = {\prd},
      collaboration  = "LIGO Scientific and Virgo Collaboration",
     keywords = {Astrophysics - High Energy Astrophysical Phenomena, General Relativity and Quantum Cosmology},
         year = 2020,
        month = apr,
       volume = {101},
       number = {8},
          eid = {084002},
        pages = {084002},
          doi = {10.1103/PhysRevD.101.084002},
archivePrefix = {arXiv},
       eprint = {1908.03584},
 primaryClass = {astro-ph.HE},
       adsurl = {https://ui.adsabs.harvard.edu/abs/2020PhRvD.101h4002A},
      adsnote = {Provided by the SAO/NASA Astrophysics Data System}
}

@ARTICLE{Adams:2013,
       author = {{Adams}, S. M. and {Kochanek}, C.~S. and {Beacom}, J. F. and
         {Vagins}, M. R. and {Stanek}, K.~Z.},
        title = "{Observing the Next Galactic Supernova}",
      journal = {\apj},
     keywords = {Galaxy: general, supernovae: general, Astrophysics - High Energy Astrophysical Phenomena, Astrophysics - Astrophysics of Galaxies, High Energy Physics - Phenomenology},
         year = 2013,
        month = dec,
       volume = {778},
       number = {2},
          eid = {164},
        pages = {164},
          doi = {10.1088/0004-637X/778/2/164},
archivePrefix = {arXiv},
       eprint = {1306.0559},
 primaryClass = {astro-ph.HE},
       adsurl = {https://ui.adsabs.harvard.edu/abs/2013ApJ...778..164A},
      adsnote = {Provided by the SAO/NASA Astrophysics Data System}
}

@ARTICLE{Rozwadowska:2021,
       author = {{Rozwadowska}, K. and {Vissani}, F. and {Cappellaro}, E.},
        title = "{On the rate of core collapse supernovae in the milky way}",
      journal = {New Astronomy},
     keywords = {Astrophysics - High Energy Astrophysical Phenomena, Astrophysics - Astrophysics of Galaxies, Astrophysics - Solar and Stellar Astrophysics, High Energy Physics - Experiment, High Energy Physics - Phenomenology},
         year = 2021,
        month = feb,
       volume = {83},
          eid = {101498},
        pages = {101498},
          doi = {10.1016/j.newast.2020.101498},
archivePrefix = {arXiv},
       eprint = {2009.03438},
 primaryClass = {astro-ph.HE},
       adsurl = {https://ui.adsabs.harvard.edu/abs/2021NewA...8301498R},
      adsnote = {Provided by the SAO/NASA Astrophysics Data System}
}

@ARTICLE{Li:2011b,
       author = {{Li}, W. and {Leaman}, J. and {Chornock}, R. and
         {Filippenko}, A. V. and {Poznanski}, D. and {Ganeshalingam}, M. and {Wang}, X. and {Modjaz}, M. and
         {Jha}, S. and {Foley}, R. J. and {Smith}, N.},
        title = "{Nearby supernova rates from the Lick Observatory Supernova Search - II. The observed luminosity functions and fractions of supernovae in a complete sample}",
      journal = {\mnras},
     keywords = {Astrophysics - Solar and Stellar Astrophysics, Astrophysics - Cosmology and Nongalactic Astrophysics, Astrophysics - High Energy Astrophysical Phenomena},
         year = 2011,
        month = apr,
       volume = {412},
       number = {3},
        pages = {1441-1472},
          doi = {10.1111/j.1365-2966.2011.18160.x},
archivePrefix = {arXiv},
       eprint = {1006.4612},
 primaryClass = {astro-ph.SR},
       adsurl = {https://ui.adsabs.harvard.edu/abs/2011MNRAS.412.1441L},
      adsnote = {Provided by the SAO/NASA Astrophysics Data System}
}

@ARTICLE{Chapman:2007,
       author = {{Chapman}, R. and {Tanvir}, N. R. and {Priddey}, R. S. and
         {Levan}, A. J.},
        title = "{How common are long gamma-ray bursts in the local Universe?}",
      journal = {\mnras},
     keywords = {gamma-rays: bursts, Astrophysics},
         year = 2007,
        month = nov,
       volume = {382},
       number = {1},
        pages = {L21-L25},
          doi = {10.1111/j.1745-3933.2007.00381.x},
archivePrefix = {arXiv},
       eprint = {0708.2106},
 primaryClass = {astro-ph},
       adsurl = {https://ui.adsabs.harvard.edu/abs/2007MNRAS.382L..21C},
      adsnote = {Provided by the SAO/NASA Astrophysics Data System}
}

@ARTICLE{BMueller:2020,
       author = {{M{\"u}ller}, B.},
        title = "{Hydrodynamics of core-collapse supernovae and their progenitors}",
      journal = {Living Reviews in Computational Astrophysics},
     keywords = {Supernovae, Massive stars, Hydrodynamics, Convection, Instabilities, Numerical methods, Astrophysics - Solar and Stellar Astrophysics, Astrophysics - High Energy Astrophysical Phenomena},
         year = 2020,
        month = jun,
       volume = {6},
       number = {1},
          eid = {3},
        pages = {3},
          doi = {10.1007/s41115-020-0008-5},
archivePrefix = {arXiv},
       eprint = {2006.05083},
 primaryClass = {astro-ph.SR},
       adsurl = {https://ui.adsabs.harvard.edu/abs/2020LRCA....6....3M},
      adsnote = {Provided by the SAO/NASA Astrophysics Data System}
}

@INBOOK{Kotake:2017,
       author = {{Kotake}, K. and {Kuroda}, T.},
        title = "{Gravitational Waves from Core-Collapse Supernovae}",
     keywords = {Physics},
    booktitle = {Handbook of Supernovae},
         year = 2017,
       editor = {{Alsabti}, Athem W. and {Murdin}, Paul},
        pages = {1671},
          doi = {10.1007/978-3-319-21846-5_9},
       adsurl = {https://ui.adsabs.harvard.edu/abs/2017hsn..book.1671K},
      adsnote = {Provided by the SAO/NASA Astrophysics Data System}
}

@article{kokkotas,
author = {Kokkotas, K.~D. and Schmidt, B.~G.},
title={Quasi-normal modes of stars and black holes},
journal =  {Living Rev. Rel.},
volume = 2, 
pages = 2,
year = 1999
}

@book{Friedman:2013,
    author = "Friedman, J.~L. and Stergioulas, N.",
    title = "{Rotating Relativistic Stars}",
    doi = "10.1017/CBO9780511977596",
    isbn = "978-1-107-30217-4, 978-0-521-87254-6",
    publisher = "Cambridge University Press",
    series = "Cambridge Monographs on Mathematical Physics",
    month = "3",
    year = "2013"
}

@article{Murphy:09,
    author = "Murphy, Jeremiah W. and Ott, Christian D. and Burrows, Adam",
    title = "{A Model for Gravitational Wave Emission from Neutrino-Driven Core-Collapse Supernovae}",
    eprint = "0907.4762",
    archivePrefix = "arXiv",
    primaryClass = "astro-ph.SR",
    doi = "10.1088/0004-637X/707/2/1173",
    journal = "\apj",
    volume = "707",
    pages = "1173--1190",
    year = "2009"
}

@ARTICLE{mueller:13gw,
   author = {{M{\"u}ller}, B. and {Janka}, H.-T. and {Marek}, A.},
    title = "{A New Multi-dimensional General Relativistic Neutrino Hydrodynamics Code of Core-collapse Supernovae. III. Gravitational Wave Signals from Supernova Explosion Models}",
  journal = {\apj},
archivePrefix = "arXiv",
   eprint = {1210.6984},
 primaryClass = "astro-ph.SR",
 keywords = {gravitation, gravitational waves, hydrodynamics, neutrinos, radiative transfer, supernovae: general },
     year = 2013,
   volume = 766,
      eid = {43},
    pages = {43},
      doi = {10.1088/0004-637X/766/1/43},
   adsurl = {http://adsabs.harvard.edu/abs/2013ApJ...766...43M},
  adsnote = {Provided by the SAO/NASA Astrophysics Data System}
}

@ARTICLE{Cerda:2013,
       author = {{Cerd{\'a}-Dur{\'a}n}, P. and {DeBrye}, N. and
         {Aloy}, M. A. and {Font}, J. A. and {Obergaulinger}, M.},
        title = "{Gravitational Wave Signatures in Black Hole Forming Core Collapse}",
      journal = {\apjl},
     keywords = {black hole physics, gravitational waves, stars: massive, supernovae: general, Astrophysics - Solar and Stellar Astrophysics, Astrophysics - High Energy Astrophysical Phenomena, General Relativity and Quantum Cosmology},
         year = 2013,
        month = dec,
       volume = {779},
       number = {2},
          eid = {L18},
        pages = {L18},
          doi = {10.1088/2041-8205/779/2/L18},
archivePrefix = {arXiv},
       eprint = {1310.8290},
 primaryClass = {astro-ph.SR},
       adsurl = {https://ui.adsabs.harvard.edu/abs/2013ApJ...779L..18C},
      adsnote = {Provided by the SAO/NASA Astrophysics Data System}
}

@article{Yakunin:2015wra,
    author = {{Yakunin}, K. N. and {Mezzacappa}, A. and
         {Marronetti}, P. and {Yoshida}, S. and
         {Bruenn}, S. W. and {Hix}, W. R. and {Lentz}, E. J. and
         {Bronson Messer}, O.~E. and {Harris}, J. A. and {Endeve}, E. and
         {Blondin}, J. M. and {Lingerfelt}, E. J.},
    title = "{Gravitational wave signatures of ab initio two-dimensional core collapse supernova explosion models for 12 -- 25  M$_\odot$ stars}",
    eprint = "1505.05824",
    archivePrefix = "arXiv",
    primaryClass = "astro-ph.HE",
    doi = "10.1103/PhysRevD.92.084040",
    journal = "Phys. Rev. D",
    volume = "92",
    number = "8",
    pages = "084040",
    year = "2015"
}

@ARTICLE{Kuroda:2016,
       author = {{Kuroda}, T. and {Kotake}, K. and {Takiwaki}, T.},
        title = "{A New Gravitational-wave Signature from Standing Accretion Shock Instability in Supernovae}",
      journal = {\apjl},
     keywords = {gravitational waves, hydrodynamics, supernovae: general, Astrophysics - High Energy Astrophysical Phenomena},
         year = 2016,
        month = sep,
       volume = {829},
       number = {1},
          eid = {L14},
        pages = {L14},
          doi = {10.3847/2041-8205/829/1/L14},
archivePrefix = {arXiv},
       eprint = {1605.09215},
 primaryClass = {astro-ph.HE},
       adsurl = {https://ui.adsabs.harvard.edu/abs/2016ApJ...829L..14K},
      adsnote = {Provided by the SAO/NASA Astrophysics Data System}
}

@ARTICLE{Andresen:2017,
       author = {{Andresen}, H. and {M{\"u}ller}, B. and {M{\"u}ller}, E. and
         {Janka}, H. -Th.},
        title = "{Gravitational wave signals from 3D neutrino hydrodynamics simulations of core-collapse supernovae}",
      journal = {\mnras},
     keywords = {gravitational waves, hydrodynamics, instabilities, supernovae: general, Astrophysics - High Energy Astrophysical Phenomena, Astrophysics - Solar and Stellar Astrophysics},
         year = 2017,
        month = jun,
       volume = {468},
       number = {2},
        pages = {2032-2051},
          doi = {10.1093/mnras/stx618},
archivePrefix = {arXiv},
       eprint = {1607.05199},
 primaryClass = {astro-ph.HE},
       adsurl = {https://ui.adsabs.harvard.edu/abs/2017MNRAS.468.2032A},
      adsnote = {Provided by the SAO/NASA Astrophysics Data System}
}

@ARTICLE{McDermott:1983,
       author = {{McDermott}, P.~N. and {van Horn}, H.~M. and {Scholl}, J.~F.},
        title = "{Nonradial g-mode oscillations of warm neutron stars}",
      journal = {\apj},
     keywords = {Hot Stars, Neutron Stars, Relativistic Theory, Stellar Models, Stellar Oscillations, Stellar Temperature, Adiabatic Equations, Approximation, Eigenvalues, Gravitational Waves, Neutrinos, Quadrupoles, Vibration Damping, Vibration Mode, Wave Dispersion, Astrophysics},
         year = 1983,
        month = may,
       volume = {268},
        pages = {837-848},
          doi = {10.1086/161006},
       adsurl = {https://ui.adsabs.harvard.edu/abs/1983ApJ...268..837M},
      adsnote = {Provided by the SAO/NASA Astrophysics Data System}
}

@ARTICLE{Reisenegger:1992,
   author = {{Reisenegger}, A. and {Goldreich}, P.},
    title = "{A new class of g-modes in neutron stars}",
  journal = {\apj},
 keywords = {Brunt-Vaisala Frequency, Charged Particles, Hot Stars, Neutron Stars, Stellar Oscillations, Gravitational Effects, Gravitational Waves, Stellar Cores},
     year = 1992,
    month = aug,
   volume = 395,
    pages = {240-249},
      doi = {10.1086/171645},
   adsurl = {http://adsabs.harvard.edu/abs/1992ApJ...395..240R},
  adsnote = {Provided by the SAO/NASA Astrophysics Data System}
}

@ARTICLE{Ferrari:2004,
   author = {{Ferrari}, V. and {Gualtieri}, L. and {Pons}, J.~A. and {Stavridis}, A.
	},
    title = "{Gravitational waves from rotating proto-neutron stars}",
  journal = {Class. Quant. Grav.},
   eprint = {astro-ph/0409578},
     year = 2004,
    month = mar,
   volume = 21,
    pages = {S515-S519},
      doi = {10.1088/0264-9381/21/5/019},
   adsurl = {http://esoads.eso.org/abs/2004CQGra..21S.515F},
  adsnote = {Provided by the SAO/NASA Astrophysics Data System}
}

@ARTICLE{Passamonti:2005,
   author = {{Passamonti}, A. and {Bruni}, M. and {Gualtieri}, L. and {Sopuerta}, C.~F.
	},
    title = "{Coupling of radial and nonradial oscillations of relativistic stars: Gauge-invariant formalism}",
  journal = {\prd},
   eprint = {gr-qc/0407108},
 keywords = {Wave generation and sources, Relativistic stars: structure stability and oscillations, Relativity and gravitation, Pulsations oscillations and stellar seismology},
     year = 2005,
    month = jan,
   volume = 71,
   number = 2,
      eid = {024022},
    pages = {024022},
      doi = {10.1103/PhysRevD.71.024022},
   adsurl = {http://esoads.eso.org/abs/2005PhRvD..71b4022P},
  adsnote = {Provided by the SAO/NASA Astrophysics Data System}
}


@ARTICLE{Dimmelmeier:2006,
   author = {{Dimmelmeier}, H. and {Stergioulas}, N. and {Font}, J.~A.},
    title = "{Non-linear axisymmetric pulsations of rotating relativistic stars in the conformal flatness approximation}",
  journal = {\mnras},
   eprint = {astro-ph/0511394},
 keywords = {hydrodynamics , relativity , methods: numerical , stars: neutron , stars: oscillations , stars: rotation},
     year = 2006,
    month = jun,
   volume = 368,
    pages = {1609-1630},
      doi = {10.1111/j.1365-2966.2006.10274.x},
   adsurl = {http://adsabs.harvard.edu/abs/2006MNRAS.368.1609D},
  adsnote = {Provided by the SAO/NASA Astrophysics Data System}
}

@ARTICLE{Kruger:2015,
   author = {{Kr{\"u}ger}, C.~J. and {Ho}, W.~C.~G. and {Andersson}, N.},
    title = "{Seismology of adolescent neutron stars: Accounting for thermal effects and crust elasticity}",
  journal = {\prd},
archivePrefix = "arXiv",
   eprint = {1402.5656},
 primaryClass = "gr-qc",
 keywords = {Neutron stars, Relativistic stars: structure stability and oscillations, Relativity and gravitation, Wave generation and sources},
     year = 2015,
    month = sep,
   volume = 92,
   number = 6,
      eid = {063009},
    pages = {063009},
      doi = {10.1103/PhysRevD.92.063009},
   adsurl = {http://adsabs.harvard.edu/abs/2015PhRvD..92f3009K},
  adsnote = {Provided by the SAO/NASA Astrophysics Data System}
}

@article{Camelio:2017,
    author = "Camelio, G. and Lovato, A. and Gualtieri, L. and Benhar, O. and Pons, J.~A. and Ferrari, V.",
    title = "{Evolution of a proto-neutron star with a nuclear many-body equation of state: Neutrino luminosity and gravitational wave frequencies}",
    eprint = "1704.01923",
    archivePrefix = "arXiv",
    primaryClass = "astro-ph.HE",
    doi = "10.1103/PhysRevD.96.043015",
    journal = "Phys. Rev. D",
    volume = "96",
    number = "4",
    pages = "043015",
    year = "2017"
}


@ARTICLE{Sotani:2016,
   author = {{Sotani}, H. and {Takiwaki}, T.},
    title = "{Gravitational wave asteroseismology with protoneutron stars}",
  journal = {\prd},
archivePrefix = "arXiv",
   eprint = {1608.01048},
 primaryClass = "astro-ph.HE",
     year = 2016,
    month = aug,
   volume = 94,
   number = 4,
      eid = {044043},
    pages = {044043},
      doi = {10.1103/PhysRevD.94.044043},
   adsurl = {http://esoads.eso.org/abs/2016PhRvD..94d4043S},
  adsnote = {Provided by the SAO/NASA Astrophysics Data System}
}

@ARTICLE{Torres:2018,
   author = {{Torres-Forn{\'e}}, A. and {Cerd{\'a}-Dur{\'a}n}, P. and {Passamonti}, A. and 
	{Font}, J.~A.},
    title = "{Towards asteroseismology of core-collapse supernovae with gravitational-wave observations - I. Cowling approximation}",
  journal = {\mnras},
archivePrefix = "arXiv",
   eprint = {1708.01920},
 primaryClass = "astro-ph.SR",
 keywords = {asteroseismology, gravitational waves, methods: numerical, stars: neutron, stars: oscillations, supernovae: general},
     year = 2018,
    month = mar,
   volume = 474,
    pages = {5272-5286},
      doi = {10.1093/mnras/stx3067},
   adsurl = {http://adsabs.harvard.edu/abs/2018MNRAS.474.5272T},
  adsnote = {Provided by the SAO/NASA Astrophysics Data System}
}

@ARTICLE{Morozova:2018,
       author = {{Morozova}, V. and {Radice}, D. and {Burrows}, A. and {Vartanyan}, D.},
        title = "{The Gravitational Wave Signal from Core-collapse Supernovae}",
      journal = {\apj},
     keywords = {equation of state, gravitational waves, hydrodynamics, supernovae: general, Astrophysics - High Energy Astrophysical Phenomena},
         year = 2018,
        month = jul,
       volume = {861},
       number = {1},
          eid = {10},
        pages = {10},
          doi = {10.3847/1538-4357/aac5f1},
archivePrefix = {arXiv},
       eprint = {1801.01914},
 primaryClass = {astro-ph.HE},
       adsurl = {https://ui.adsabs.harvard.edu/abs/2018ApJ...861...10M},
      adsnote = {Provided by the SAO/NASA Astrophysics Data System}
}

@ARTICLE{Torres:2019a,
   author = {{Torres-Forn{\'e}}, A. and {Cerd{\'a}-Dur{\'a}n}, P. and {Passamonti}, A. and 
	{Obergaulinger}, M. and {Font}, J.~A.},
    title = "{Towards asteroseismology of core-collapse supernovae with gravitational wave observations - II. Inclusion of space-time perturbations}",
  journal = {\mnras},
archivePrefix = "arXiv",
   eprint = {1806.11366},
 primaryClass = "astro-ph.HE",
 keywords = {asteroseismology, gravitational waves, methods: numerical, stars: neutron, stars: oscillations, supernovae: general},
     year = 2019,
    month = jan,
   volume = 482,
    pages = {3967-3988},
      doi = {10.1093/mnras/sty2854},
   adsurl = {http://adsabs.harvard.edu/abs/2019MNRAS.482.3967T},
  adsnote = {Provided by the SAO/NASA Astrophysics Data System}
}

@ARTICLE{Sotani:2019,
       author = {{Sotani}, H. and {Kuroda}, T. and {Takiwaki}, T. and {Kotake}, K.},
        title = "{Dependence of the outer boundary condition on protoneutron star asteroseismology with gravitational-wave signatures}",
      journal = {\prd},
     keywords = {Astrophysics - High Energy Astrophysical Phenomena},
         year = 2019,
        month = jun,
       volume = {99},
       number = {12},
          eid = {123024},
        pages = {123024},
          doi = {10.1103/PhysRevD.99.123024},
archivePrefix = {arXiv},
       eprint = {1906.04354},
 primaryClass = {astro-ph.HE},
       adsurl = {https://ui.adsabs.harvard.edu/abs/2019PhRvD..99l3024S},
      adsnote = {Provided by the SAO/NASA Astrophysics Data System}
}


@ARTICLE{WS:2019,
       author = {{Westernacher-Schneider}, J.~R. and {O'Connor}, E. and
         {O'Sullivan}, E. and {Tamborra}, I. and {Wu}, M.-R. and
         {Couch}, S.~M. and {Malmenbeck}, F.},
        title = "{Multimessenger asteroseismology of core-collapse supernovae}",
      journal = {\prd},
     keywords = {Astrophysics - High Energy Astrophysical Phenomena, General Relativity and Quantum Cosmology},
         year = 2019,
        month = dec,
       volume = {100},
       number = {12},
          eid = {123009},
        pages = {123009},
          doi = {10.1103/PhysRevD.100.123009},
archivePrefix = {arXiv},
       eprint = {1907.01138},
 primaryClass = {astro-ph.HE},
       adsurl = {https://ui.adsabs.harvard.edu/abs/2019PhRvD.100l3009W},
      adsnote = {Provided by the SAO/NASA Astrophysics Data System}
}


@ARTICLE{Sotani:2020a,
       author = {{Sotani}, H. and {Takiwaki}, T.},
        title = "{Dimension dependence of numerical simulations on gravitational waves from protoneutron stars}",
      journal = {\prd},
     keywords = {Astrophysics - High Energy Astrophysical Phenomena},
         year = 2020,
        month = jul,
       volume = {102},
       number = {2},
          eid = {023028},
        pages = {023028},
          doi = {10.1103/PhysRevD.102.023028},
archivePrefix = {arXiv},
       eprint = {2004.09871},
 primaryClass = {astro-ph.HE},
       adsurl = {https://ui.adsabs.harvard.edu/abs/2020PhRvD.102b3028S},
      adsnote = {Provided by the SAO/NASA Astrophysics Data System}
}

@article{Sotani:2020b,
    author = "Sotani, H. and Takiwaki, T.",
    title = "{Avoided crossing in gravitational wave spectra from protoneutron star}",
    eprint = "2008.00419",
    archivePrefix = "arXiv",
    primaryClass = "astro-ph.HE",
    reportNumber = "RIKEN-iTHEMS-Report-20",
    doi = "10.1093/mnras/staa2597",
    journal = "Mon. Not. Roy. Astron. Soc.",
    volume = "498",
    number = "3",
    pages = "3503--3512",
    year = "2020"
}

@article{Summerscales:2008,
    author = "Summerscales, T.~Z. and Burrows, A. and Finn, L.~S. and Ott, C.~D.",
    title = "{Maximum Entropy for Gravitational Wave Data Analysis: Inferring the Physical Parameters of Core-Collapse Supernovae}",
    eprint = "0704.2157",
    archivePrefix = "arXiv",
    primaryClass = "astro-ph",
    doi = "10.1086/528362",
    journal = "Astrophys. J.",
    volume = "678",
    pages = "1142--1157",
    year = "2008"
}


@article{Klimenko:2015ypf,
    author = "Klimenko, S. and others",
    title = "{Method for detection and reconstruction of gravitational wave transients with networks of advanced detectors}",
    eprint = "1511.05999",
    archivePrefix = "arXiv",
    primaryClass = "gr-qc",
    doi = "10.1103/PhysRevD.93.042004",
    journal = "Phys. Rev. D",
    volume = "93",
    number = "4",
    pages = "042004",
    year = "2016"
}


@article{CornLitt,
    author = "Cornish, N.~J. and Littenberg, T.~B.",
    title = "{BayesWave: Bayesian Inference for Gravitational Wave Bursts and Instrument Glitches}",
    eprint = "1410.3835",
    archivePrefix = "arXiv",
    primaryClass = "gr-qc",
    doi = "10.1088/0264-9381/32/13/135012",
    journal = "Class. Quant. Grav.",
    volume = "32",
    number = "13",
    pages = "135012",
    year = "2015"
}

@article{Heng:2009,
doi = {10.1088/0264-9381/26/10/105005},
url = {https://doi.org/10.1088%2F0264-9381%2F26%2F10%2F105005},
year = 2009,
month = {apr},
publisher = {{IOP} Publishing},
volume = {26},
number = {10},
pages = {105005},
author = {Heng, I.~S.},
title = {Rotating stellar core-collapse waveform decomposition: a principal component analysis approach},
journal = {Class. Quant. Grav.}
}

@article{roever:09,
    author = "{R\"over}, C. and Bizouard, M.~A. and Christensen, N. and Dimmelmeier, H. and Heng, I.~S. and Meyer, R.",
    title = "{Bayesian reconstruction of gravitational wave burst signals from simulations of rotating stellar core collapse and bounce}",
    eprint = "0909.1093",
    archivePrefix = "arXiv",
    primaryClass = "gr-qc",
    reportNumber = "LIGO-P0900089, AEI-2009-089",
    doi = "10.1103/PhysRevD.80.102004",
    journal = "Phys. Rev. D",
    volume = "80",
    pages = "102004",
    year = "2009"
}

@ARTICLE{Edwards:2014,
author={Edwards, M.~C. and Meyer, R. and Christensen, N.},
title={Bayesian parameter estimation of core collapse supernovae using gravitational wave simulations},
journal={Inverse Problems},
year={2014},
volume={30},
number={11},
doi={10.1088/0266-5611/30/11/114008},
art_number={114008}
}


% MCMC test hypothesis - classification
@article{Powell:2018csz,
      author         = "Powell, J.",
      title          = "{Parameter Estimation and Model Selection of
                        Gravitational Wave Signals Contaminated by Transient
                        Detector Noise Glitches}",
      journal        = "Class. Quant. Grav.",
      volume         = "35",
      year           = "2018",
      number         = "15",
      pages          = "155017",
      doi            = "10.1088/1361-6382/aacf18",
      eprint         = "1803.11346",
      archivePrefix  = "arXiv",
      primaryClass   = "astro-ph.IM",
      SLACcitation   = "%%CITATION = ARXIV:1803.11346;%%"
}

% SMEE
@article{powell:2016,
  title = {Inferring the core-collapse supernova explosion mechanism with gravitational waves},
  author = {Powell, J. and Gossan, S.~E. and Logue, J. and Heng, I.~S.},
  journal = {Phys. Rev. D},
  volume = {94},
  issue = {12},
  pages = {123012},
  numpages = {14},
  year = {2016},
  month = {Dec},
  publisher = {American Physical Society},
  doi = {10.1103/PhysRevD.94.123012},
  url = {https://link.aps.org/doi/10.1103/PhysRevD.94.123012}
}


@article{powell:2017,
  title = {Inferring the core-collapse supernova explosion mechanism with three-dimensional gravitational-wave simulations},
  author = {Powell, J. and Szczepanczyk, M. and Heng, I.~S.},
  journal = {Phys. Rev. D},
  volume = {96},
  issue = {12},
  pages = {123013},
  numpages = {14},
  year = {2017},
  month = {Dec},
  publisher = {American Physical Society},
  doi = {10.1103/PhysRevD.96.123013},
  url = {https://link.aps.org/doi/10.1103/PhysRevD.96.123013}
}

%SMEE
@article{Roma:2019kcd,
    author = "Roma, V. and Powell, J. and Heng, I.~S. and Frey, R.",
    title = "{Astrophysics with core-collapse supernova gravitational wave signals in the next generation of gravitational wave detectors}",
    eprint = "1901.08692",
    archivePrefix = "arXiv",
    primaryClass = "astro-ph.IM",
    doi = "10.1103/PhysRevD.99.063018",
    journal = "Phys. Rev. D",
    volume = "99",
    number = "6",
    pages = "063018",
    year = "2019"
}

% DeepL CCSN
@article{astone:2018,
  title = {New method to observe gravitational waves emitted by core collapse supernovae},
  author = {Astone, P. and Cerd\'a-Dur\'an, P. and Di Palma, I. and Drago, M. and Muciaccia, F. and Palomba, C. and Ricci, F.},
  journal = {Phys. Rev. D},
  volume = {98},
  issue = {12},
  pages = {122002},
  numpages = {11},
  year = {2018},
  month = {Dec},
  publisher = {American Physical Society},
  doi = {10.1103/PhysRevD.98.122002},
  url = {https://link.aps.org/doi/10.1103/PhysRevD.98.122002}
}

@article{Chan:2019fuz,
    author = "Chan, M.~L. and Heng, I.~S. and Messenger, C.",
    title = "{Detection and classification of supernova gravitational wave signals: A deep learning approach}",
    eprint = "1912.13517",
    archivePrefix = "arXiv",
    primaryClass = "astro-ph.HE",
    doi = "10.1103/PhysRevD.102.043022",
    journal = "Phys. Rev. D",
    volume = "102",
    number = "4",
    pages = "043022",
    year = "2020"
}

@Article{Just:2015,
  author        = {{Just}, O. and {Obergaulinger}, M. and {Janka}, H.-T.},
  title         = {{A new multidimensional, energy-dependent two-moment transport code for neutrino-hydrodynamics}},
  journal       = {\mnras},
  year          = {2015},
  volume        = {453},
  month         = nov,
  pages         = {3386-3413},
  doi           = {10.1093/mnras/stv1892},
  eprint        = {1501.02999},
  url           = {http://esoads.eso.org/abs/2015MNRAS.453.3386J},
  adsnote       = {Provided by the SAO/NASA Astrophysics Data System},
  adsurl        = {http://esoads.eso.org/abs/2015MNRAS.453.3386J},
  archiveprefix = {arXiv},
  keywords      = {hydrodynamics, neutrinos, radiative transfer, methods: numerical, stars: neutron, supernovae: general},
}

@Article{Marek_etal__2006__AA__TOV-potential,
  author  = {{Marek}, A. and {Dimmelmeier}, H. and {Janka}, H.-T. and {M{\"u}ller}, E. and {Buras}, R.},
  title   = {{Exploring the relativistic regime with Newtonian hydrodynamics: an improved effective gravitational potential for supernova simulations}},
  journal = {\aap},
  year    = {2006},
  volume  = {445},
  month   = {\#jan\#},
  pages   = {273-289},
  doi     = {10.1051/0004-6361:20052840},
  url     = {http://esoads.eso.org/abs/2006A\%26A...445..273M},
  adsnote = {Provided by the Smithsonian/NASA Astrophysics Data System},
  adsurl  = {http://esoads.eso.org/abs/2006A\%26A...445..273M},
}

@Article{Woosley_Heger_Weaver__2002__ReviewsofModernPhysics__The_evolution_and_explosion_of_massive_stars,
  author   = {{Woosley}, S.~E. and {Heger}, A. and {Weaver}, T.~A.},
  title    = {{The evolution and explosion of massive stars}},
  journal  = {Reviews of Modern Physics},
  year     = {2002},
  volume   = {74},
  month    = {\#nov\#},
  pages    = {1015-1071},
  doi      = {10.1103/RevModPhys.74.1015},
  url      = {http://esoads.eso.org/abs/2002RvMP...74.1015W},
}

@Article{Woosley_Heger__2007__physrep__Nucleosynthesisandremnantsinmassivestarsofsolarmetallicity,
  author   = {{Woosley}, S.~E. and {Heger}, A.},
  title    = {{Nucleosynthesis and remnants in massive stars of solar metallicity}},
  journal  = {Phys.~Rep.},
  year     = {2007},
  volume   = {442},
  month    = {\#apr\#},
  pages    = {269-283},
  doi      = {10.1016/j.physrep.2007.02.009},
  eprint   = {astro-ph/0702176},
  url      = {http://esoads.eso.org/abs/2007PhR...442..269W},
  adsnote  = {Provided by the SAO/NASA Astrophysics Data System},
  adsurl   = {http://esoads.eso.org/abs/2007PhR...442..269W},
  file     = {:Woosley_Heger__2007__physrep__Nucleosynthesisandremnantsinmassivestarsofsolarmetallicity.pdf:PDF},
  groups   = {Hydrostatic phases, Progenitors},
}



@Article{Lattimer_Swesty__1991__NuclearPhysicsA__LS-EOS,
  author   = {{Lattimer}, J.~M. and {Swesty}, F. Douglas},
  title    = {{A generalized equation of state for hot, dense matter}},
  journal  = {Nuclear Physics A},
  year     = {1991},
  volume   = {535},
  month    = {\#dec\#},
  pages    = {331-376},
  doi      = {10.1016/0375-9474(91)90452-C},
  url      = {http://esoads.eso.org/abs/1991NuPhA.535..331L},
  adsnote  = {Provided by the SAO/NASA Astrophysics Data System},
  adsurl   = {http://esoads.eso.org/abs/1991NuPhA.535..331L},
}

@Article{Shen_et_al__2011__prc__Newequationofstateforastrophysicalsimulations,
  Title                    = {{New equation of state for astrophysical simulations}},
  Author                   = {{Shen}, G. and {Horowitz}, C.~J. and {Teige}, S.},
  Journal                  = {Phys. Rev. C},
  Year                     = {2011},
  Month                    = mar,
  Number                   = {3},
  Pages                    = {035802},
  Volume                   = {83},
  Adsnote                  = {Provided by the SAO/NASA Astrophysics Data System},
  Adsurl                   = {https://ui.adsabs.harvard.edu/abs/2011PhRvC..83c5802S},
  Archiveprefix            = {arXiv},
  Doi                      = {10.1103/PhysRevC.83.035802},
  Eid                      = {035802},
  Eprint                   = {1101.3715},
  Keywords                 = {21.65.Mn, 26.50.+x, 26.60.Kp, 21.60.Jz, Equations of state of nuclear matter, Nuclear physics aspects of novae supernovae and other explosive environments, Equations of state of neutron-star matter, Hartree-Fock and random-phase approximations, Astrophysics - Solar and Stellar Astrophysics, General Relativity and Quantum Cosmology, Nuclear Theory},
  Primaryclass             = {astro-ph.SR},
  Url                      = {https://ui.adsabs.harvard.edu/abs/2011PhRvC..83c5802S}
}

@Article{Steiner_et_al__2013__apj__Core-collapseSupernovaEquationsofStateBasedonNeutronStarObservations,
  author        = {{Steiner}, A.~W. and {Hempel}, M. and {Fischer}, T.},
  title         = {{Core-collapse Supernova Equations of State Based on Neutron Star Observations}},
  doi           = {10.1088/0004-637X/774/1/17},
  eid           = {17},
  eprint        = {1207.2184},
  pages         = {17},
  url           = {http://esoads.eso.org/abs/2013ApJ...774...17S},
  volume        = {774},
  adsnote       = {Provided by the SAO/NASA Astrophysics Data System},
  adsurl        = {http://esoads.eso.org/abs/2013ApJ...774...17S},
  archiveprefix = {arXiv},
  journal       = {\apj},
  keywords      = {equation of state, dense matter, hydrodynamics, stars: neutron, supernovae: general},
  month         = {\#sep\#},
  primaryclass  = {astro-ph.SR},
  year          = {2013},
}


@article{lmvar:2019,
   author={Posthuma Partners},
   title={lmvar: Linear Regression with Non-Constant Variances},
   journal={R package},
   month={},
   year={},
   ISSN={},
   url={https://cran.r-project.org/web/packages/lmvar/index.html},
   DOI={},
}

@book{BrockwellPeterJ1991Tsta,
series = {Springer series in statistics},
publisher = {Springer-Verlag},
isbn = {9781441903204},
year = {1991},
title = {Time series theory and methods},
edition = {2nd ed.},
address = {New York},
author = {Brockwell, P.~J.}
}

@article{aLIGOsens:2018,
  author       = {Barsotti, L. and Fritschel, P. and Evans, M. and Gras, S.},
  title        = {Updated Advanced LIGO sensitivity design curve},
  month        = mar,
  year         = 2018,
  journal      = {LIGO-T1800044},
  url          = {https://dcc.ligo.org/LIGO-T1800044/public}
}

@article{Hild_2011,
   title={Sensitivity studies for third-generation gravitational wave observatories},
   volume={28},
   ISSN={1361-6382},
   url={http://dx.doi.org/10.1088/0264-9381/28/9/094013},
   DOI={10.1088/0264-9381/28/9/094013},
   number={9},
   journal={Class. Quant. Grav.},
   publisher={IOP Publishing},
   author={Hild, S and Abernathy, M and Acernese, F and Amaro-Seoane, P and Andersson, N and Arun, K and Barone, F and Barr, B and Barsuglia, M and Beker, M and et al.},
   year={2011},
   month={Apr},
   pages={094013}
}

@article{reitze2019cosmic,
    author = "Reitze, David and others",
    title = "{Cosmic Explorer: The U.S. Contribution to Gravitational-Wave Astronomy beyond LIGO}",
    eprint = "1907.04833",
    archivePrefix = "arXiv",
    primaryClass = "astro-ph.IM",
    reportNumber = "LIGO-P1900316",
    journal = "Bull. Am. Astron. Soc.",
    volume = "51",
    pages = "035",
    month = "7",
    year = "2019"
}


@article{Radice:2018usf,
    author = "Radice, David and Morozova, Viktoriya and Burrows, Adam and Vartanyan, David and Nagakura, Hiroki",
    title = "{Characterizing the Gravitational Wave Signal from Core-Collapse Supernovae}",
    eprint = "1812.07703",
    archivePrefix = "arXiv",
    primaryClass = "astro-ph.HE",
    doi = "10.3847/2041-8213/ab191a",
    journal = "Astrophys. J. Lett.",
    volume = "876",
    number = "1",
    pages = "L9",
    year = "2019"
}

@article{Mezzacappa:2020lsn,
    author = "Mezzacappa, Anthony and others",
    title = "{Gravitational-wave signal of a core-collapse supernova explosion of a 15 $M_{\odot}$ star}",
    eprint = "2007.15099",
    archivePrefix = "arXiv",
    primaryClass = "astro-ph.HE",
    doi = "10.1103/PhysRevD.102.023027",
    journal = "Phys. Rev. D",
    volume = "102",
    number = "2",
    pages = "023027",
    year = "2020"
}
